@article{asl2019adaptive,
  title={Adaptive square-root unscented Kalman filter: An experimental study of hydraulic actuator state estimation},
  author={Asl, Reza Mohammadi and Hagh, Yashar Shabbouei and Simani, Silvio and Handroos, Heikki},
  journal={Mechanical Systems and Signal Processing},
  volume={132},
  pages={670--691},
  year={2019},
  publisher={Elsevier}
}

@article{barfoot2014associating,
  title={Associating uncertainty with three-dimensional poses for use in estimation problems},
  author={Barfoot, Timothy D and Furgale, Paul T},
  journal={IEEE Transactions on Robotics},
  volume={30},
  number={3},
  pages={679--693},
  year={2014},
  publisher={IEEE}
}

@article{barrau2015ekf,
  title={An EKF-SLAM algorithm with consistency properties},
  author={Barrau, Axel and Bonnabel, Silvere},
  journal={arXiv preprint arXiv:1510.06263},
  year={2015}
}

@inproceedings{bay2006surf,
  title={Surf: Speeded up robust features},
  author={Bay, Herbert and Tuytelaars, Tinne and Van Gool, Luc},
  booktitle={European conference on computer vision},
  pages={404--417},
  year={2006},
  organization={Springer}
}

@article{board1998ieee,
  title={Ieee standard specification format guide and test procedure for single-axis interferometric fiber optic gyros},
  author={Board, I},
  journal={IEEE Std},
  pages={952--1997},
  year={1998}
}

@article{bonnabel2012symmetries,
  title={Symmetries in observer design: Review of some recent results and applications to ekf-based slam},
  author={Bonnabel, Silvere},
  journal={Robot Motion and Control 2011},
  pages={3--15},
  year={2012},
  publisher={Springer}
}

@inproceedings{brossard2017unscented,
  title={Unscented Kalman filtering on Lie groups for fusion of IMU and monocular vision},
  author={Brossard, Martin and Bonnabel, Silvere and Barrau, Axel},
  booktitle={Proc. Int. Conf. Robot. Automat.(ICRA)},
  pages={1--9},
  year={2017}
}

@article{clady2015asynchronous,
  title={Asynchronous event-based corner detection and matching},
  author={Clady, Xavier and Ieng, Sio-Hoi and Benosman, Ryad},
  journal={Neural Networks},
  volume={66},
  pages={91--106},
  year={2015},
  publisher={Elsevier}
}

@article{gehrig2020eklt,
  title={EKLT: Asynchronous photometric feature tracking using events and frames},
  author={Gehrig, Daniel and Rebecq, Henri and Gallego, Guillermo and Scaramuzza, Davide},
  journal={International Journal of Computer Vision},
  volume={128},
  number={3},
  pages={601--618},
  year={2020},
  publisher={Springer}
}

@inproceedings{harris1988combined,
  title={A combined corner and edge detector.},
  author={Harris, Christopher G and Stephens, Mike and others},
  booktitle={Alvey vision conference},
  volume={15},
  number={50},
  pages={10--5244},
  year={1988},
  organization={Citeseer}
}

@inproceedings{julier1997new,
  title={New extension of the Kalman filter to nonlinear systems},
  author={Julier, Simon J and Uhlmann, Jeffrey K},
  booktitle={Signal processing, sensor fusion, and target recognition VI},
  volume={3068},
  pages={182--193},
  year={1997},
  organization={International Society for Optics and Photonics}
}

@article{kalman1960new,
  title={A new approach to linear filtering and prediction problems},
  author={Kalman, Rudolph Emil},
  year={1960}
}

@article{lalami2012unscented,
  title={Unscented Kalman filter for non-linear estimation of induction machine parameters},
  author={Lalami, A and Wamkeue, R and Kamwa, I and Saad, M and Beaudoin, JJ},
  journal={IET electric power applications},
  volume={6},
  number={9},
  pages={611--620},
  year={2012},
  publisher={IET}
}

@article{lichtsteiner2008128,
  title={A 128$\times$ 128 120 dB 15$\mu$ s Latency Asynchronous Temporal Contrast Vision Sensor},
  author={Lichtsteiner, Patrick and Posch, Christoph and Delbruck, Tobi},
  journal={IEEE journal of solid-state circuits},
  volume={43},
  number={2},
  pages={566--576},
  year={2008},
  publisher={IEEE}
}

@inproceedings{loianno2016visual,
  title={Visual inertial odometry for quadrotors on SE (3)},
  author={Loianno, Giuseppe and Watterson, Michael and Kumar, Vijay},
  booktitle={2016 IEEE International Conference on Robotics and Automation (ICRA)},
  pages={1544--1551},
  year={2016},
  organization={IEEE}
}

@inproceedings{lowe1999object,
  title={Object recognition from local scale-invariant features},
  author={Lowe, David G},
  booktitle={Proceedings of the seventh IEEE international conference on computer vision},
  volume={2},
  pages={1150--1157},
  year={1999},
  organization={Ieee}
}

@inproceedings{lucas1981iterative,
  title={An iterative image registration technique with an application to stereo vision},
  author={Lucas, Bruce D and Kanade, Takeo and others},
  year={1981},
  organization={Vancouver, British Columbia}
}

@article{mariana2019,
  title={Determining the orientation of a RGB camera embedded on an artificial eye},
  author={Martins, Mariana},
  year={2019},
}

@article{mueggler2017fast,
  title={Fast event-based corner detection},
  author={Mueggler, Elias and Bartolozzi, Chiara and Scaramuzza, Davide},
  year={2017},
  publisher={University of Zurich}
}

@inproceedings{rebecq2018esim,
  title={ESIM: an open event camera simulator},
  author={Rebecq, Henri and Gehrig, Daniel and Scaramuzza, Davide},
  booktitle={Conference on Robot Learning},
  pages={969--982},
  year={2018}
}

@article{schonemann1966generalized,
  title={A generalized solution of the orthogonal procrustes problem},
  author={Sch{\"o}nemann, Peter H},
  journal={Psychometrika},
  volume={31},
  number={1},
  pages={1--10},
  year={1966},
  publisher={Springer}
}

@article{tsai1987versatile,
  title={A versatile camera calibration technique for high-accuracy 3D machine vision metrology using off-the-shelf TV cameras and lenses},
  author={Tsai, Roger},
  journal={IEEE Journal on Robotics and Automation},
  volume={3},
  number={4},
  pages={323--344},
  year={1987},
  publisher={IEEE}
}

@inproceedings{vasco2016fast,
  title={Fast event-based Harris corner detection exploiting the advantages of event-driven cameras},
  author={Vasco, Valentina and Glover, Arren and Bartolozzi, Chiara},
  booktitle={2016 IEEE/RSJ International Conference on Intelligent Robots and Systems (IROS)},
  pages={4144--4149},
  year={2016},
  organization={IEEE}
}

@inproceedings{wan2000unscented,
  title={The unscented Kalman filter for nonlinear estimation},
  author={Wan, Eric A and Van Der Merwe, Rudolph},
  booktitle={Proceedings of the IEEE 2000 Adaptive Systems for Signal Processing, Communications, and Control Symposium (Cat. No. 00EX373)},
  pages={153--158},
  year={2000},
  organization={Ieee}
}

@article{zhang2000flexible,
  title={A flexible new technique for camera calibration},
  author={Zhang, Zhengyou},
  journal={IEEE Transactions on pattern analysis and machine intelligence},
  volume={22},
  number={11},
  pages={1330--1334},
  year={2000},
  publisher={IEEE}
}