
@Article{Hutchinson96,
   author =  "S. Hutchinson and G. Hager and P. Corke",
   title =   "A tutorial on visual servo control",
   journal = "IEEE Transactions on Robotics and Automation",
   year =    "1996",
   volume =  "12",
   number = "5",
   pages =   "651--670",
}


@InProceedings{Smith05,
   title =   "Evaluating Multi-Object Tracking",
   author =  "K. Smith and D. Gatica-Perez and J. Odobez, S. Ba",
   booktitle= {Comp. Vision and Patt. Recogn. - Workshops},
   year={2005},
   xpages={}
}


@INPROCEEDINGS{Sinha04,
  AUTHOR =       "S. N. Sinha and M. Pollefeys",
  TITLE =        "Towards Calibrating a Pan-Tilt-Zoom Camera Network",
  BOOKTITLE =    "Department of Computer Science, University of North Carolina at Chapel Hill",
  YEAR =         "2006",
  xmonth =        {Apr},
  pages =        {91-110},
  xaddress =      {Beijing, China},
}


@Article{Brown07,
   author =  "M. Brown and D. Lowe",
   title =   "Automatic panoramic image stitching using invariant features",
   journal = "Int. Journal of Comp. Vision",
   year =    "2007",
   volume =  "74",
   number = "1",
   pages =   "59--73",
}


@Book{Hartley00,
author =       "R. Hartley and A. Zisserman",
title =        "Multiple View Geometry in Computer Vision",
publisher =     "Cambridge University Press",
year =         "2000",
}


@InProceedings{Haritaoglu98,
   title =   "W4 :Who? when? where? what? a real time system for detecting and tracking people",
   author =  "I. Haritaoglu and D. Harwood and L. S. Davis",
   booktitle= {IEEE Int. Conf. Automatic Face and Gesture Recognition},
   year={1998},
   pages={222�-227}
}


@Article{Wren97,
   author =  "C. Wren and A. Azarbayejani and T. Darrell and A. Pentland",
   title =   "Pfinder: real-time tracking of the human body",
   journal = "IEEE Trans. Pattern Anal. Machine Intell.",
   year =    "1997",
   volume =  "19",
   number = "7",
   pages =   "780�-785",
}

@misc{VRML_www,
  author = {W3 Consortium},
  title = {Virtual Reality Modeling Language},
  howpublished = "\url{http://www.w3.org/MarkUp/VRML/}"
}

@misc{Bouguet,
  author = {Jean-Yves Bouguet},
  title = {Camera Calibration Toolbox for Matlab},
  howpublished = "\url{http://www.vision.caltech.edu/bouguetj}"
}
