@article{board1998ieee,
  title={Ieee standard specification format guide and test procedure for single-axis interferometric fiber optic gyros},
  author={Board, I},
  journal={IEEE Std},
  pages={952--1997},
  year={1998}
}